@INPROCEEDINGS{ambient, 
author={Pauwels, E.J. and Salah, A.A. and Tavenard, R.}, 
booktitle={Multimedia Signal Processing, 2007. MMSP 2007. IEEE 9th Workshop on}, title={Sensor Networks for Ambient Intelligence}, 
year={2007}, 
month={oct.}, 
volume={}, 
number={}, 
pages={13 -16}, 
keywords={ambient intelligence;computational devices;cross-sensor signal correlations;data analysis;data mining;multimodal signal processing;pervasive computing;sensor networks;temporal patterns;time series;data mining;distributed sensors;signal processing;time series;ubiquitous computing;}, 
doi={10.1109/MMSP.2007.4412806}, 
ISSN={},}



@article{power_mit_1,
    author = {Karalis, Aristeidis and Joannopoulos, J. D. and Solja\v{c}i\'{c}, Marin},
    journal = {Annals of Physics},
    keywords = {physics},
    month = jan,
    number = {1},
    pages = {34--48},
    posted-at = {2011-03-11 13:07:47},
    priority = {4},
    title = {Efficient wireless non-radiative mid-range energy transfer},
    volume = {323},
    year = {2008}
}

@article{gaussian_sensors,
 author = {Wang, Demin and Xie, Bin and Agrawal, Dharma P.},
 title = {Coverage and Lifetime Optimization of Wireless Sensor Networks with Gaussian Distribution},
 journal = {IEEE Transactions on Mobile Computing},
 issue_date = {December 2008},
 volume = {7},
 number = {12},
 month = dec,
 year = {2008},
 issn = {1536-1233},
 pages = {1444--1458},
 numpages = {15},
 url = {http://dx.doi.org/10.1109/TMC.2008.60},
 doi = {10.1109/TMC.2008.60},
 acmid = {1477510},
 publisher = {IEEE Educational Activities Department},
 address = {Piscataway, NJ, USA},
 keywords = {Mobile communication systems, Network management, Routing protocols, Wireless, Wireless, Mobile communication systems, Network management, Routing
protocols},
}

@incollection{population_protocols,
author = {James Aspnes and Eric Ruppert},
title = {An introduction to population protocols},
booktitle = {Middleware for Network Eccentric and Mobile Applications},
editor = {Beno\^it Garbinato and Hugo Miranda and Lu\'is Rodrigues},
pages={97--120},
publisher = {Springer-Verlag},
year = 2009}

@article{game_theroy_sensor,
 author = {Machado, Renita and Tekinay, Sirin},
 title = {A survey of game-theoretic approaches in wireless sensor networks},
 journal = {Comput. Netw.},
 issue_date = {November, 2008},
 volume = {52},
 number = {16},
 month = nov,
 year = {2008},
 issn = {1389-1286},
 pages = {3047--3061},
 numpages = {15},
 url = {http://dx.doi.org/10.1016/j.gaceta.2008.07.003},
 doi = {10.1016/j.gaceta.2008.07.003},
 acmid = {1450383},
 publisher = {Elsevier North-Holland, Inc.},
 address = {New York, NY, USA},
 keywords = {Energy efficiency, Game theory, Pursuit-evasion games, Security, Wireless sensor networks},
}


@book{1978DSN,
  title={Proceedings of a Workshop on Distributed Sensor Nets Held at Pittsburgh, Pennsylvania on December 7-8, 1978},
  author={CARNEGIE-MELLON UNIV PITTSBURGH PA DEPT OF COMPUTER SCIENCE.},
  url={http://books.google.gr/books?id=0ISgtgAACAAJ},
  year={1978},
  publisher={Defense Technical Information Center}
}

@INPROCEEDINGS{Mach,
    author = {Richard Rashid and Robert Baron and Ro Forin and David Golub and Michael Jones},
    title = {Mach: A System Software Kernel},
    booktitle = {In Proceedings of the 1989 IEEE International Conference, COMPCON},
    year = {1989},
    pages = {176--178},
    publisher = {Press}
}


@INPROCEEDINGS{4789229,
author={Chong, Chee-Yee and Chang, Kuo-Chu and Mori, Shozo},
booktitle={American Control Conference, 1986}, title={Distributed Tracking in Distributed Sensor Networks},
year={1986},
month={june},
volume={},
number={},
pages={1863 -1868},
keywords={},
doi={},
ISSN={},}


@INPROCEEDINGS{aircraft,
author={Lacoss, Richard T.},
booktitle={American Control Conference, 1987}, title={Distributed Mixed Sensor Aircraft Tracking},
year={1987},
month={june},
volume={},
number={},
pages={1827 -1830},
keywords={},
doi={},
ISSN={},}



@misc{CEC,
  title = {The Cooperative Engagement Capability},
  howpublished = {\url{http://techdigest.jhuapl.edu/td/td1604/APLteam.pdf}},
  note = {Accessed: 12/07/2012},
}

@misc{lincoln_report,
  author = {MIT Lincoln Laboratory},
  title = {Distributed Sensor Networks},
  howpublished = {\url{http://robotics.eecs.berkeley.edu/~pister/290Q/Papers/History%20and%20Context/DistributedSensorNetworks-LL-1986.pdf}},
  note = {Accessed: 12/07/2012},
}

@INPROCEEDINGS{geometric_graphs,
author={Kenniche, H. and Ravelomananana, V.},
booktitle={Computer and Automation Engineering (ICCAE), 2010 The 2nd International Conference on}, title={Random Geometric Graphs as model of Wireless Sensor
Networks},
year={2010},
month={feb.},
volume={4},
number={},
pages={103 -107},
keywords={WSN;random deployment;random geometric graphs;random strategy;wireless sensor networks;graphs;wireless sensor networks;},
doi={10.1109/ICCAE.2010.5451758},
ISSN={},}



@INPROCEEDINGS{os_sensors,
author={Muhammad Omer Farooq and Thomas Kunz},
booktitle={Sensors 11},
title={Operating Systems for Wireless Sensor Networks: A Survey},
year={2011},}


@INPROCEEDINGS{mantis,
    author = {Shah Bhatti and James Carlson and Hui Dai and Jing Deng and Jeff Rose and Anmol Sheth and Brian Shucker and Charles Gruenwald and Adam Torgerson and
Richard Han},
    title = {Mantis os: An embedded multithreaded operating system for wireless micro sensor platforms},
    booktitle = {ACM/Kluwer Mobile Networks \& Applications (MONET), Special Issue on Wireless Sensor Networks},
    year = {2005},
    pages = {2005}
}


@inproceedings{sos_os,
 author = {Han, Chih-Chieh and Kumar, Ram and Shea, Roy and Kohler, Eddie and Srivastava, Mani},
 title = {A dynamic operating system for sensor nodes},
 booktitle = {Proceedings of the 3rd international conference on Mobile systems, applications, and services},
 series = {MobiSys '05},
 year = {2005},
 isbn = {1-931971-31-5},
 location = {Seattle, Washington},
 pages = {163--176},
 numpages = {14},
 url = {http://doi.acm.org/10.1145/1067170.1067188},
 doi = {10.1145/1067170.1067188},
 acmid = {1067188},
 publisher = {ACM},
 address = {New York, NY, USA},
}

@INPROCEEDINGS{nano-rk,
author={Eswaran, A. and Rowe, A. and Rajkumar, R.},
booktitle={Real-Time Systems Symposium, 2005. RTSS 2005. 26th IEEE International}, title={Nano-RK: an energy-aware resource-centric RTOS for sensor networks},
year={2005},
month={dec.},
volume={},
number={},
pages={10 pp. -265},
keywords={Atmel ATMEGA128 processor;Chipcon CC2420 802.15.4 transceiver chip;Nano-RK;TDMA-based network scheduling;energy-aware resource-centric RTOS;fixed-priority
preemptive multitasking;multihop networking;network bandwidth reservations;packet forwarding;packet routing;reservation-based real-time operating
system;resource-constrained embedded sensor environments;virtual energy reservations;wireless sensor networks;bandwidth allocation;energy conservation;network
operating systems;real-time systems;wireless sensor networks;},
doi={10.1109/RTSS.2005.30},
ISSN={1052-8725},}


@article{mate,
 author = {Levis, Philip and Culler, David},
 title = {Mat\'e: a tiny virtual machine for sensor networks},
 journal = {SIGOPS Oper. Syst. Rev.},
 issue_date = {December 2002},
 volume = {36},
 number = {5},
 month = oct,
 year = {2002},
 issn = {0163-5980},
 pages = {85--95},
 numpages = {11},
 url = {http://doi.acm.org/10.1145/635508.605407},
 doi = {10.1145/635508.605407},
 acmid = {605407},
 publisher = {ACM},
 address = {New York, NY, USA},
}

@INPROCEEDINGS{ns-2,
author={Mahrenholz, D. and Ivanov, S.},
booktitle={Distributed Simulation and Real-Time Applications, 2004. DS-RT 2004. Eighth IEEE International Symposium on}, title={Real-Time Network Emulation with
ns-2},
year={2004},
month={oct.},
volume={},
number={},
pages={ 29 - 36},
keywords={},
doi={10.1109/DS-RT.2004.34},
ISSN={1550-6525},}

@article{ns-3,
  title = {Fast prototyping of network protocols through ns-3 simulation model reuse},
  journal = {Simulation Modelling Practice and Theory},
  volume = {19},
  number = {9},
  pages = {2063 - 2075},
  year = {2011},
  issn = {1569-190X},
  doi = {DOI: 10.1016/j.simpat.2011.06.002},
  url = {http://www.sciencedirect.com/science/article/pii/S1569190X11001171},
  author = {Gustavo Carneiro and Helder Fontes and Manuel Ricardo},
}


@INPROCEEDINGS{omnet,
author={Xiaodong Xian and Weiren Shi and He Huang},
booktitle={Industrial Electronics and Applications, 2008. ICIEA 2008. 3rd IEEE Conference on}, title={Comparison of OMNET++ and other simulator for WSN simulation},
year={2008},
month={june},
volume={},
number={},
pages={1439 -1443},
keywords={OMNET++;WSN simulation;directed diffusion protocols;wireless sensor networks;protocols;telecommunication computing;wireless sensor networks;},
doi={10.1109/ICIEA.2008.4582757},
ISSN={},}

@INPROCEEDINGS{netsim,
author={Lord, M. and Memmi, D.},
booktitle={e-Technologies, 2008 International MCETECH Conference on}, title={NetSim: a Simulation and Visualization Software for Information Network Modeling},
year={2008},
month={jan.},
volume={},
number={},
pages={167 -177},
keywords={NetSim;information network modeling;preferential attachment model;simulation software;social network;visualization software;Internet;data
visualisation;digital simulation;social sciences computing;},
doi={10.1109/MCETECH.2008.12},
ISSN={},}


@INPROCEEDINGS{j-sim,
author={Sobeih, A. and Mahesh Viswanathan and Marinov, D. and Hou, J.C.},
booktitle={Parallel and Distributed Processing Symposium, 2007. IPDPS 2007. IEEE International}, title={J-Sim: An Integrated Environment for Simulation and Model
Checking of Network Protocols},
year={2007},
month={march},
volume={},
number={},
pages={1 -6},
keywords={integrated environment;model checking;network protocols;network simulator;digital simulation;formal verification;protocols;telecommunication computing;},
doi={10.1109/IPDPS.2007.370519},
ISSN={},}

@article{wiselib, title={Wiselib: A Generic Algorithm Library for Heterogeneous Sensor Networks},
url={http://arxiv.org/abs/1101.3067}, journal={Computer Engineering}, publisher={Springer}, author={Baumgartner, Tobias and Chatzigiannakis, Ioannis and Fekete,
Sandor P and Koninis, Christos and Kroeller, Alexander and Pyrgelis, Apostolos}, year={2011}, pages={16}}